<?xml version="1.0" encoding="UTF-8"?>
<record xmlns="http://www.loc.gov/MARC21/slim" xmlns:xsi="http://www.w3.org/2001/XMLSchema-instance" xsi:schemaLocation="http://www.loc.gov/MARC21/slim http://www.loc.gov/standards/marcxml/schema/MARC21slim.xsd">
<leader>     cam a2200277   4500</leader>
<controlfield tag="001">001700779</controlfield>
<controlfield tag="003">NNU</controlfield>
<controlfield tag="005">20010214211411.0</controlfield>
<controlfield tag="008">821210s1970    iq       b    000 0 arar</controlfield>
<datafield tag="010" ind1=" " ind2=" ">
<subfield code="a">72297459</subfield>
</datafield>
<datafield tag="035" ind1="9" ind2=" ">
<subfield code="a">NYUb12249364</subfield>
</datafield>
<datafield tag="035" ind1=" " ind2=" ">
<subfield code="a">(NBISU)notisAEL8144</subfield>
</datafield>
<datafield tag="035" ind1=" " ind2=" ">
<subfield code="a">(OCoLC)09038682</subfield>
</datafield>
<datafield tag="035" ind1=" " ind2=" ">
<subfield code="a">(CStRLIN)NYBGAEL8144-B</subfield>
</datafield>
<datafield tag="040" ind1=" " ind2=" ">
<subfield code="a">DLC</subfield>
<subfield code="c">WAU</subfield>
<subfield code="d">WAU</subfield>
<subfield code="d">BNG</subfield>
<subfield code="d">NBiSU</subfield>
</datafield>
<datafield tag="050" ind1="0" ind2=" ">
<subfield code="a">BP193</subfield>
<subfield code="b">.T34 1970</subfield>
</datafield>
<datafield tag="100" ind1="1" ind2=" ">
<subfield code="a">Ṭabarsī, al-Faḍl ibn al-Ḥasan,</subfield>
<subfield code="d">d. 1153.</subfield>
</datafield>
<datafield tag="245" ind1="1" ind2="0">
<subfield code="a">Iʻlām al-warā bi-aʻlām al-hudā,</subfield>
<subfield code="c">taʼlīf Abī ʻAlī al-Faḍl ibn al-Ḥasan al-Ṭabarsī. Qaddama lahu Muḥammad Mahdī Ḥasan al-Kharsān.</subfield>
</datafield>
<datafield tag="250" ind1=" " ind2=" ">
<subfield code="a">al-Ṭabʻah 3.</subfield>
</datafield>
<datafield tag="260" ind1=" " ind2=" ">
<subfield code="a">al-Najaf,</subfield>
<subfield code="b">al-Maktabah al-Ḥaydarīyah,</subfield>
<subfield code="c">1970.</subfield>
</datafield>
<datafield tag="300" ind1=" " ind2=" ">
<subfield code="a">487 p.</subfield>
<subfield code="c">26 cm.</subfield>
</datafield>
<datafield tag="500" ind1=" " ind2=" ">
<subfield code="a">Cover title: Ielam al-wara belelam al-huda, by Abi Ali al-Phalhil ebin al-Hasan al-Tabersi.</subfield>
</datafield>
<datafield tag="504" ind1=" " ind2=" ">
<subfield code="a">Includes bibliographical references.</subfield>
</datafield>
<datafield tag="650" ind1=" " ind2="0">
<subfield code="a">Imams (Shiites)</subfield>
</datafield>
<datafield tag="OWN" ind1=" " ind2=" ">
<subfield code="a">GENERAL</subfield>
</datafield>
<datafield tag="950" ind1=" " ind2=" ">
<subfield code="l">BMAIN</subfield>
<subfield code="a">BP193</subfield>
<subfield code="b">.T34 1970</subfield>
</datafield>
<datafield tag="955" ind1=" " ind2=" ">
<subfield code="l">BMAIN</subfield>
<subfield code="c">1</subfield>
<subfield code="r">026451966</subfield>
</datafield>
<datafield tag="998" ind1=" " ind2=" ">
<subfield code="s">9115</subfield>
</datafield>
<datafield tag="AVA" ind1=" " ind2=" ">
<subfield code="a">NYU50</subfield>
<subfield code="b">BOBST</subfield>
<subfield code="c">Main Collection</subfield>
<subfield code="d">BP193 .T34 1970</subfield>
<subfield code="e">unavailable</subfield>
<subfield code="t">Unavailable</subfield>
<subfield code="f">1</subfield>
<subfield code="g">1</subfield>
<subfield code="h">N</subfield>
<subfield code="i">0</subfield>
<subfield code="j">MAIN</subfield>
<subfield code="k">0</subfield>
</datafield>
</record>
